@misc{gmitqaf,
  author = "GMIT",
  title = "Quality {A}ssurance {F}ramework",
  howpublished = "\\ \url{https://www.gmit.ie/general/quality-assurance-framework}"
}

@misc{cstandard,
  author = " International Organization for Standardization",
  title = "ISO/IEC 9899 - Programming languages - C",
  howpublished = "\\ \url{http://www.open-std.org/jtc1/sc22/wg14/}"
}

@misc{sha,
  author = "Quynh H. Dang",
  title = "Secure Hash Standard",
  howpublished = "\\ \url{https://www.nist.gov/publications/secure-hash-standard}"
}

@misc{git,
  author = "{S}oftware {F}reedom {C}onservancy",
  title = "Git",
  howpublished = "\\ \url{https://git-scm.com/}"
}

@misc{github,
  author = "Git{H}ub, Inc.",
  title = "Git{H}ub",
  howpublished = "\\ \url{https://github.com/}"
}

@misc{md5,
  author = "Ron Rivest",
  title = "Request for Comments: 1321, The MD5 Message-Digest Algorithm",
  howpublished = "\\ \url{https://tools.ietf.org/html/rfc1321}"
}

@misc{timeseriesanomaly,
  title = {Timeseries anomaly detection using an Autoencoder},
  date = {2022-09-10},
  year = {2022},
  author = {Keras Team},
  file = {:./references/examples-timeseries-timeseries_anomaly_detection-.html:html},
  url = {https://keras.io/examples/timeseries/timeseries_anomaly_detection/},
  urldate = {2022-09-20}
}

@misc{keraswebsite,
  title = {Keras: the Python deep learning API},
  date = {2022-09-10},
  year = {2022},
  author = {Keras Team},
  file = {:./references/.html:html},
  url = {https://keras.io/},
  urldate = {2022-09-20}
}